<?xml version="1.0" encoding="UTF-8" ?>
<collection xmlns:xsi="http://www.w3.org/2001/XMLSchema-instance"
    xsi:schemaLocation="http://www.loc.gov/MARC21/slim
        http://www.loc.gov/standards/marcxml/schema/MARC21slim.xsd"
    xmlns="http://www.loc.gov/MARC21/slim">
<record>
  <leader>00214nam a2200409 ia4500</leader>
  <controlfield tag="001">b25931180</controlfield>
  <controlfield tag="003">LeBAU</controlfield>
  <controlfield tag="008">200617m19451956ua            000 e ara d</controlfield>
  <datafield tag="040" ind1=" " ind2=" ">
    <subfield code="a">LEAUB</subfield>
    <subfield code="b">ara</subfield>
    <subfield code="e">rda</subfield>
    <subfield code="c">LEAUB</subfield>
  </datafield>
  <datafield tag="082" ind1="0" ind2="4">
    <subfield code="a">892.74</subfield>
    <subfield code="2">23</subfield>
  </datafield>
  <datafield tag="100" ind1="1" ind2=" ">
    <subfield code="6">880-01</subfield>
    <subfield code="a">Amīn, Aḥmad,</subfield>
    <subfield code="d">1886-1954.</subfield>
    <subfield code="e">author.</subfield>
    <subfield code="0">http://id.loc.gov/authorities/names/n50058046 ,</subfield>
  </datafield>
  <datafield tag="245" ind1="1" ind2="0">
    <subfield code="6">880-02</subfield>
    <subfield code="a">Fayḍ al-khāṭir :</subfield>
    <subfield code="b">wa-huwa majmūʻ maqālāt adabīyah wa-ijtimāʻīyah /</subfield>
    <subfield code="c">katabahu Aḥmad Amīn.</subfield>
  </datafield>
  <datafield tag="264" ind1=" " ind2="1">
    <subfield code="6">880-03</subfield>
    <subfield code="a">al-Qāhirah :</subfield>
    <subfield code="b">Maktabat al-Nahḍah al-Miṣrīyah,</subfield>
    <subfield code="c">1945-1956.</subfield>
  </datafield>
  <datafield tag="300" ind1=" " ind2=" ">
    <subfield code="6">880-04</subfield>
    <subfield code="a">10 volumes ;</subfield>
    <subfield code="c">23 cm</subfield>
  </datafield>
  <datafield tag="336" ind1=" " ind2=" ">
    <subfield code="a">text</subfield>
    <subfield code="b">txt</subfield>
    <subfield code="2">rdacontent</subfield>
  </datafield>
  <datafield tag="337" ind1=" " ind2=" ">
    <subfield code="a">unmediated</subfield>
    <subfield code="b">n</subfield>
    <subfield code="2">rdamedia</subfield>
  </datafield>
  <datafield tag="338" ind1=" " ind2=" ">
    <subfield code="a">volume</subfield>
    <subfield code="b">nc</subfield>
    <subfield code="2">rdacarrier</subfield>
  </datafield>
  <datafield tag="500" ind1=" " ind2=" ">
    <subfield code="a">الاجزاء: 7-9 طبعة اولى.</subfield>
  </datafield>
  <datafield tag="590" ind1=" " ind2=" ">
    <subfield code="a">في المكتبة: الأجزاء 6-10.</subfield>
  </datafield>
  <datafield tag="655" ind1=" " ind2="4">
    <subfield code="a">مقالات.</subfield>
  </datafield>
  <datafield tag="655" ind1=" " ind2="0">
    <subfield code="a">Essays.</subfield>
  </datafield>
  <datafield tag="775" ind1="0" ind2="8">
    <subfield code="6">880-05</subfield>
    <subfield code="i">has designation of edition</subfield>
    <subfield code="4">http://rdaregistry.info/Elements/m/P30133 :</subfield>
    <subfield code="a">Amīn, Aḥmad, 1886-1954.</subfield>
    <subfield code="t">Fayḍ al-khāṭir : wa-huwa majmūʻ maqālāt adabīyah wa-ijtimāʻīyah.</subfield>
    <subfield code="d">al-Qāhirah : Maṭbaʻat Lajnat al-Taʼlīf wa-al-Tarjamah wa-al-Nashr, 1938-1942</subfield>
    <subfield code="w">(OCoLC)784409725</subfield>
    <subfield code="w">(OCoLC)784409725</subfield>
  </datafield>
  <datafield tag="775" ind1="0" ind2="8">
    <subfield code="6">880-06</subfield>
    <subfield code="i">has designation of edition</subfield>
    <subfield code="4">http://rdaregistry.info/Elements/m/P30133 :</subfield>
    <subfield code="a">Amīn, Aḥmad, 1886-1954.</subfield>
    <subfield code="t">Fayḍ al-khāṭir : wa-huwa majmūʻ maqālāt adabīyah wa-ijtimāʻīyah.</subfield>
    <subfield code="b">al-Ṭabʻah al-thāniyah.</subfield>
    <subfield code="d">al-Qāhirah : Maktabat al-Nahḍah al-Miṣrīyah, [between 1930 and 1959?]</subfield>
    <subfield code="w">(LEAUB)b25931210</subfield>
  </datafield>
  <datafield tag="852" ind1=" " ind2=" ">
    <subfield code="a">Jafet Library</subfield>
    <subfield code="e">American University of Beirut, Bliss Street, Beirut, Lebanon.</subfield>
  </datafield>
  <datafield tag="880" ind1="1" ind2=" ">
    <subfield code="6">100-01/(3/r</subfield>
    <subfield code="a">امين، احمد،</subfield>
    <subfield code="d">1886-1954،</subfield>
    <subfield code="0">http://id.loc.gov/authorities/names/n50058046 ,</subfield>
    <subfield code="e">مؤلف. </subfield>
    <subfield code="4">aut.</subfield>
  </datafield>
  <datafield tag="880" ind1="1" ind2="0">
    <subfield code="6">245-02/(3/r</subfield>
    <subfield code="a">فيض الخاطر :</subfield>
    <subfield code="b">وهو مجموعة مقالات أدبية وإجتماعية /</subfield>
    <subfield code="c">كتبه أحمد أمين.</subfield>
  </datafield>
  <datafield tag="880" ind1=" " ind2="1">
    <subfield code="6">264-03/(3/r</subfield>
    <subfield code="a">القاهرة :</subfield>
    <subfield code="b">مكتبة النهضة المصرية،</subfield>
    <subfield code="c">1945-1956.</subfield>
  </datafield>
  <datafield tag="880" ind1=" " ind2=" ">
    <subfield code="6">300-04/(3/r</subfield>
    <subfield code="a">10 أجزاء ؛</subfield>
    <subfield code="c">23 سم</subfield>
  </datafield>
  <datafield tag="880" ind1="0" ind2="8">
    <subfield code="6">775-05/(3/r</subfield>
    <subfield code="i">دلالة على الطبعة</subfield>
    <subfield code="4">http://rdaregistry.info/Elements/m/P30133 :</subfield>
    <subfield code="a">امين، احمد، 1886-1954.</subfield>
    <subfield code="t">فيض الخاطر : وهو مجموعة مقالات أدبية وإجتماعية.</subfield>
    <subfield code="d">القاهرة : مطبعة لجنة التأليف والترجمة والنشر، 1938-1942</subfield>
    <subfield code="w">(LEAUB)b12571404</subfield>
    <subfield code="w">(OCoLC)784409725</subfield>
  </datafield>
  <datafield tag="880" ind1="0" ind2="8">
    <subfield code="6">775-06/(3/r</subfield>
    <subfield code="i">دلالة على الطبعة</subfield>
    <subfield code="4">http://rdaregistry.info/Elements/m/P30133 :</subfield>
    <subfield code="a">امين، احمد، 1886-1954.</subfield>
    <subfield code="t">فيض الخاطر : وهو مجموعة مقالات أدبية وإجتماعية.</subfield>
    <subfield code="b">الطبعة الثانية.</subfield>
    <subfield code="d">القاهرة : مكتبة النهضة المصرية، [ما بين 1930 و 1959؟]</subfield>
    <subfield code="w">(LEAUB)b25931210</subfield>
  </datafield>
  <datafield tag="907" ind1=" " ind2=" ">
    <subfield code="a">.b25931180</subfield>
    <subfield code="b">20-06-17</subfield>
    <subfield code="c">20-06-17</subfield>
  </datafield>
  <datafield tag="945" ind1=" " ind2=" ">
    <subfield code="f">J</subfield>
    <subfield code="a">892.74:A517faA:v.6</subfield>
    <subfield code="i">01038984</subfield>
    <subfield code="j">.i13081627</subfield>
    <subfield code="l">u0503</subfield>
  </datafield>
  <datafield tag="945" ind1=" " ind2=" ">
    <subfield code="f">J</subfield>
    <subfield code="a">892.74:A517faA:v.7</subfield>
    <subfield code="i">01038986</subfield>
    <subfield code="j">.i13081639</subfield>
    <subfield code="l">u0503</subfield>
  </datafield>
  <datafield tag="945" ind1=" " ind2=" ">
    <subfield code="f">J</subfield>
    <subfield code="a">892.74:A517faA:v.8</subfield>
    <subfield code="i">01038987</subfield>
    <subfield code="j">.i13081640</subfield>
    <subfield code="l">u0503</subfield>
  </datafield>
  <datafield tag="945" ind1=" " ind2=" ">
    <subfield code="f">J</subfield>
    <subfield code="a">892.74:A517faA:v.9</subfield>
    <subfield code="i">01038988</subfield>
    <subfield code="j">.i13081652</subfield>
    <subfield code="l">u0503</subfield>
  </datafield>
  <datafield tag="945" ind1=" " ind2=" ">
    <subfield code="f">J</subfield>
    <subfield code="a">892.74:A517faA:v.10</subfield>
    <subfield code="i">01038990</subfield>
    <subfield code="j">.i13081664</subfield>
    <subfield code="l">u0503</subfield>
  </datafield>
  <datafield tag="998" ind1=" " ind2=" ">
    <subfield code="a">u05</subfield>
    <subfield code="b">20-06-17</subfield>
    <subfield code="c">m</subfield>
    <subfield code="d">a  </subfield>
    <subfield code="e">-</subfield>
    <subfield code="f">ara</subfield>
    <subfield code="g">ua </subfield>
    <subfield code="h">0</subfield>
    <subfield code="i">0</subfield>
  </datafield>
</record>
</collection>
